<record xmlns='http://www.loc.gov/MARC21/slim'><leader>02037cas a2200445 a 4500</leader><controlfield tag='001'>8637182</controlfield><controlfield tag='005'>20151208121720.0</controlfield><controlfield tag='006'>m     o  d        </controlfield><controlfield tag='007'>cr mn |||||a|a</controlfield><controlfield tag='008'>910821c19889999pl  x p       0    0eng  </controlfield><datafield ind1=' ' ind2=' ' tag='010'><subfield code='a'>   91641505 </subfield></datafield><datafield ind1='7' ind2=' ' tag='016'><subfield code='a'>009831899</subfield><subfield code='2'>Uk</subfield></datafield><datafield ind1=' ' ind2=' ' tag='022'><subfield code='a'>0860-5734</subfield><subfield code='l'>0860-5734</subfield><subfield code='2'>57</subfield></datafield><datafield ind1=' ' ind2=' ' tag='035'><subfield code='a'>(SFX)991042730746306</subfield></datafield><datafield ind1=' ' ind2=' ' tag='035'><subfield code='a'>(SFX)   91641505</subfield></datafield><datafield ind1=' ' ind2=' ' tag='042'><subfield code='a'>pcc</subfield></datafield><datafield ind1=' ' ind2=' ' tag='043'><subfield code='a'>e-uk-en</subfield><subfield code='a'>n-us---</subfield></datafield><datafield ind1='0' ind2='0' tag='050'><subfield code='a'>PR1</subfield><subfield code='b'>.A57</subfield></datafield><datafield ind1='0' ind2='0' tag='082'><subfield code='a'>820.9/0005</subfield><subfield code='2'>20</subfield></datafield><datafield ind1=' ' ind2=' ' tag='090'><subfield code='a'>Electronic Resource</subfield></datafield><datafield ind1='0' ind2=' ' tag='130'><subfield code='a'>Anglica (Warsaw, Poland)</subfield></datafield><datafield ind1=' ' ind2='0' tag='222'><subfield code='a'>Anglica</subfield></datafield><datafield ind1='1' ind2='0' tag='245'><subfield code='a'>Anglica </subfield><subfield code='h'>[electronic resource] :</subfield><subfield code='b'>studies in English and American literature.</subfield></datafield><datafield ind1=' ' ind2=' ' tag='260'><subfield code='a'>Warszawa :</subfield><subfield code='b'>Wydawn. Uniwersytetu Warszawskiego,</subfield><subfield code='c'>1988-</subfield></datafield><datafield ind1=' ' ind2=' ' tag='310'><subfield code='a'>Irregular</subfield></datafield><datafield ind1=' ' ind2=' ' tag='336'><subfield code='a'>text</subfield><subfield code='b'>txt</subfield><subfield code='2'>rdacontent</subfield></datafield><datafield ind1=' ' ind2=' ' tag='337'><subfield code='a'>computer</subfield><subfield code='b'>c</subfield><subfield code='2'>rdamedia</subfield></datafield><datafield ind1=' ' ind2=' ' tag='338'><subfield code='a'>online resource</subfield><subfield code='b'>cr</subfield><subfield code='2'>rdacarrier</subfield></datafield><datafield ind1='0' ind2=' ' tag='362'><subfield code='a'>1.-a pozycja serii-</subfield></datafield><datafield ind1=' ' ind2=' ' tag='500'><subfield code='a'>Some issues have also a distinctive title.</subfield></datafield><datafield ind1=' ' ind2=' ' tag='515'><subfield code='a'>Issue for 2003 lacks numbering; No. 21 (2012) issued in parts.</subfield></datafield><datafield ind1=' ' ind2=' ' tag='515'><subfield code='a'>Not published in sequence.</subfield></datafield><datafield ind1=' ' ind2=' ' tag='550'><subfield code='a'>Issued by: Universitatis Varsoviensis.</subfield></datafield><datafield ind1=' ' ind2=' ' tag='588'><subfield code='a'>Latest issue consulted: 21/2 (2012).</subfield></datafield><datafield ind1=' ' ind2='0' tag='650'><subfield code='a'>American literature</subfield><subfield code='x'>History and criticism.</subfield></datafield><datafield ind1=' ' ind2='0' tag='650'><subfield code='a'>English literature</subfield><subfield code='x'>History and criticism.</subfield></datafield><datafield ind1='2' ind2=' ' tag='710'><subfield code='a'>Uniwersytet Warszawski.</subfield></datafield><datafield ind1='4' ind2='0' tag='856'><subfield code='u'>https://getit.princeton.edu/resolve?url%5Fver=Z39.88-2004&amp;ctx%5Fver=Z39.88-2004&amp;ctx%5Fenc=info:ofi/enc:UTF-8&amp;rfr%5Fid=info:sid/sfxit.com:opac%5F856&amp;url%5Fctx%5Ffmt=info:ofi/fmt:kev:mtx:ctx&amp;sfx.ignore%5Fdate%5Fthreshold=1&amp;rft.object%5Fid=991042730746306&amp;svc%5Fval%5Ffmt=info:ofi/fmt:kev:mtx:sch%5Fsvc&amp;</subfield><subfield code='z'>View Princeton&apos;s online holdings</subfield></datafield><datafield ind1='8' ind2=' ' tag='852'><subfield code='0'>8371890</subfield><subfield code='b'>online$elf1</subfield><subfield code='h'>Electronic Resource</subfield></datafield><datafield ind1=' ' ind2=' ' tag='959'><subfield code='a'>2014-08-22 09:25:51 -0500</subfield></datafield></record>